<record><leader>00000cas a22000007a 4500</leader><controlfield tag="001">16826882</controlfield><controlfield tag="008">871008d18781898inudn ne      0    0eng d</controlfield><datafield ind1=" " ind2=" " tag="010"><subfield code="a">sn 87056666 </subfield></datafield><datafield ind1=" " ind2=" " tag="040"><subfield code="a">NPI</subfield><subfield code="b">eng</subfield><subfield code="c">NPI</subfield><subfield code="d">OCLCQ</subfield></datafield><datafield ind1=" " ind2=" " tag="042"><subfield code="a">msc</subfield></datafield><datafield ind1="0" ind2="0" tag="245"><subfield code="a">South-Bend daily register.</subfield></datafield><datafield ind1="3" ind2="0" tag="246"><subfield code="a">Morning register</subfield></datafield><datafield ind1=" " ind2=" " tag="260"><subfield code="a">South Bend, Ind. :</subfield><subfield code="b">Register Co.,</subfield><subfield code="c">1878.</subfield></datafield><datafield ind1=" " ind2=" " tag="310"><subfield code="a">Daily (except Sun.)</subfield></datafield><datafield ind1="0" ind2=" " tag="362"><subfield code="a">Vol. 3, no. 793 (Apr. 4, 1878)-v. 4, no. 979 (Oct. 12 [i.e. 21], 1878).</subfield></datafield><datafield ind1=" " ind2=" " tag="500"><subfield code="a">Published as: The Morning register, Sept. 2-Oct. 15, 1878.</subfield></datafield><datafield ind1=" " ind2=" " tag="580"><subfield code="a">Also published in a weekly ed. called: St. Joseph Valley register.</subfield></datafield><datafield ind1=" " ind2=" " tag="752"><subfield code="a">United States</subfield><subfield code="b">Indiana</subfield><subfield code="c">Saint Joseph</subfield><subfield code="d">South Bend.</subfield></datafield><datafield ind1="1" ind2=" " tag="775"><subfield code="t">St. Joseph Valley register</subfield><subfield code="w">(DLC)sn 82014547</subfield></datafield><datafield ind1="0" ind2="0" tag="780"><subfield code="t">Daily register (South Bend, Ind.)</subfield><subfield code="w">(DLC)sn 84038161</subfield></datafield><datafield ind1="0" ind2="0" tag="785"><subfield code="t">Evening register (South Bend, Ind.)</subfield><subfield code="w">(DLC)sn 87056669</subfield></datafield></record>